<?xml version="1.0" encoding="UTF-8"?><collection xmlns="http://www.loc.gov/MARC21/slim"><record><leader>00454nam--2200157-i-4500</leader><controlfield tag="001">000041677</controlfield><controlfield tag="002">20161230</controlfield><controlfield tag="005">20170112233027</controlfield><controlfield tag="008">060222s1000------------r-----000-0-eng-d</controlfield><datafield ind1=" " ind2=" " tag="100"><subfield code="a">Simonyi, K©Łroly</subfield></datafield><datafield ind1=" " ind2=" " tag="245"><subfield code="a">Villamoss©Łgtan. II. k©œtet. A marko- ©♭s mikrofizika kapcsolata. Gyakorlati villamoss©Łgtan</subfield></datafield><datafield ind1=" " ind2=" " tag="260"><subfield code="a">Budapest</subfield><subfield code="b">Akad©♭miai Kiad©đ</subfield><subfield code="c">1957</subfield></datafield><datafield ind1=" " ind2=" " tag="300"><subfield code="a">803 p</subfield></datafield><datafield ind1=" " ind2=" " tag="490"><subfield code="a">M¿łszaki Fizika</subfield></datafield><datafield ind1=" " ind2=" " tag="852"><subfield code="a">4835</subfield></datafield><datafield ind1=" " ind2=" " tag="CAT"><subfield code="a">SYS</subfield><subfield code="c">20170112</subfield><subfield code="h">233027</subfield></datafield></record></collection>